
%%%%%%%%%%%%%%%%%%%%%%%%%%%%%%%%%%%%
%          Introduction
%%%%%%%%%%%%%%%%%%%%%%%%%%%%%%%%%%%%

%%%%%%%%%%%%%%%%%%%%%%%%%%%%%%%%%%%%
%          Monotonic Fairness
%%%%%%%%%%%%%%%%%%%%%%%%%%%%%%%%%%%%
    
    @article{bouveyron2018stochastic,
      title={The stochastic topic block model for the clustering of vertices in networks with textual edges},
      author={Bouveyron, Charles and Latouche, Pierre and Zreik, Rawya},
      journal={Statistics and Computing},
      volume={28},
      number={1},
      pages={11--31},
      year={2018},
      publisher={Springer}
    }
    
    @inproceedings{kim2009acoustic,
      title={Acoustic topic model for audio information retrieval},
      author={Kim, S. and Narayanan, S. and Sundaram, S.},
      booktitle={IEEE Workshop on Applications of Signal Processing to Audio and Acoustics},
      year={2009},
    }
    
    @inproceedings{niu2012context,
      title={Context aware topic model for scene recognition},
      author={Niu, Z. and Hua, G. and Gao, X. and Tian, Q.},
      booktitle={Computer Vision and Pattern Recognition},
      pages={2743--2750},
      year={2012}
    }
    
    @inproceedings{cao2007spatially,
      title={Spatially coherent latent topic model for concurrent segmentation and classification of objects and scenes},
      author={Cao, L. and Fei-Fei, L.},
      booktitle={International Conference on Computer Vision},
      year={2007}
      }
    @Misc{Caron:Fox:2014,
      author = 	 {Caron, F. and Fox, E.B.},
      title = 	 {Sparse graphs using exchangeable random measures},
      year = 	 {2017},
      howpublished = {arXiv:1401.1137 [stat.ME]}
    }
    
    @misc{Veitch:Roy:2015,
      author = 	 {Veitch, V. and Roy, D.},
      title = 	 {The class of random graphs arising from exchangeable random measures},
      year = 	 {2015},
      howpublished = "arXiv:1512.03099 [math.ST]",
    }
    
    @InProceedings{Cai:Campbell:Broderick:2016,
      author = 	 {Cai, D. and Campbell, T. and Broderick, T.},
      title = 	 {Edge-exchangeable graphs and sparsity},
      booktitle = {Advances in Neural Information Processing Systems},
      year = 	 {2016},
    }
    
    @misc{Crane:Dempsey:2016,
      author = 	 {Crane, H. and Dempsey, W.},
      title = 	 {Edge exchangeable models for network data},
      year = 	 {2016},
      howpublished = "arXiv:1603.04571 [math.ST]",
    }
    @article{williamson2016nonparametric,
      title={Nonparametric network models for link prediction},
      author={Williamson, S.A.},
      journal={Journal of Machine Learning Research},
      volume={17},
      number={202},
      pages={1--21},
      year={2016}
    }
    
    @inproceedings{teh2004sharing,
      title={Sharing Clusters among Related Groups: Hierarchical Dirichlet Processes.},
      author={Teh, Yee Whye and Jordan, Michael I and Beal, Matthew J and Blei, David M},
      booktitle={NIPS},
      pages={1385--1392},
      year={2004}
    }
    
    @article{mccallum2007topic,
      title={Topic and role discovery in social networks with experiments on enron and academic email},
      author={McCallum, A. and Wang, X. and Corrada-Emmanuel, A.},
      journal={Journal of Artificial Intelligence Research},
      volume={30},
      pages={249--272},
      year={2007}
    }
    
    @article{griffiths2004finding,
      title={Finding scientific topics},
      author={Griffiths, T.L. and Steyvers, M.},
      journal={Proceedings of the National Academy of Sciences},
      volume={101},
      number={suppl 1},
      pages={5228--5235},
      year={2004},
      publisher={National Acad Sciences}
    }
    @Article{Snijders:Nowicki:1997,
      author = 	 {Snijders, T.A.B. and Nowicki, T.},
      title = 	 {Estimation and prediction for stochastic blockmodels for graphs with latent block structure},
      journal = 	 {Journal of Classification},
      year = 	 {1997},
      volume = 	 {14},
      number = {1},
      pages = 	 {75--100},
    }
    
    @article{Karrer:Newman:2011,
      title={Stochastic blockmodels and community structure in networks},
      author={Karrer, B. and Newman, M.E.J.},
      journal={Physical Review E},
      volume={83},
      number={1},
      pages={016107},
      year={2011},
      publisher={APS}
    }
    
    @inproceedings{Zhu:Yan:Getoor:Moore:2013,
      title={Scalable text and link analysis with mixed-topic link models},
      author={Zhu, Y. and Yan, X. and Getoor, L. and Moore, C.},
      booktitle={ACM SIGKDD International Conference on Knowledge Discovery and Data Mining},
      year={2013},
    }
    
    
    @Article{Wang:Wong:1987,
      author = 	 {Wang, Y.J. and Wong, G.Y.},
      title = 	 {Stochastic blockmodels for directed graphs},
      journal = 	 {Journal of the American Statistical Association},
      year = 	 {1987},
      volume = 	 {82},
      number = {397},
      pages = 	 {8--19},
    }
    
    @InProceedings{irm,
      author = 	 {Kemp, C. and Tenenbaum, J.B. and Griffiths, T.L. and Yamada, T. and Ueda, N.},
      title = 	 {Learning systems of concepts with an infinite relational model},
      booktitle = {National Conference on Artificial Intelligence (AAAI)},
      pages = {381--388},
      year = 	 {2006},
    }
    @article{blei2003LDA,
      title={Latent {D}irichlet allocation},
      author={Blei, D.M. and Ng, A.Y. and Jordan, M.I.},
      journal={The Journal of Machine Learning Research},
      volume={3},
      pages={993--1022},
      year={2003},
    }
    @ARTICLE{Teh:2007,
      author = {Teh, Y. and Jordan, M. and Beal, M. and Blei, D.},
      title = {Hierarchical {D}irichlet processes},
      journal = {Journal of the American Statistical Association},
      year = {2007},
      volume = {101},
      pages = {1566--1581},
      number = {476}
    }
    
    @article{ctm,
      title={A correlated topic model of {S}cience},
      author={Blei, D.M. and Lafferty, J.D.},
      journal={The Annals of Applied Statistics},
      volume = {1},
      number = {1},
      pages={17--35},
      year={2007},
    }
    
    @inproceedings{mccallum2005,
      title={The author-recipient-topic model for topic and role discovery in social networks, with application to {E}nron and academic email},
      author={McCallum, A. and Corrada-Emmanuel, A. and Wang, X.},
      booktitle={Workshop on Link Analysis, Counterterrorism and Security},
      year={2005}
    }
    
    @inproceedings{tu2010,
      title={Citation author topic model in expert search},
      author={Tu, Y. and Johri, N. and Roth, D. and Hockenmaier, J.},
      booktitle={ACL International Conference on Computational Linguistics},
      year={2010},
    }
    
    @inproceedings{rtm,
      title={Relational topic models for document networks},
      author={Chang, J. and Blei, D.M.},
      booktitle={International Conference on Artificial Intelligence and Statistics},
      year={2009}
    }
    
    @inproceedings{blei2006dynamic,
      title={Dynamic topic models},
      author={Blei, D.M. and Lafferty, J.D.},
      booktitle={International Conference on Machine Learning},
      year={2006},}
      
    @Article{Airoldi:Blei:Fienberg:Xing:2008,
      author = 	 {Airoldi, E.M. and Blei, D.M. and Fienberg, S.E. and Xing, E.P.},
      title = 	 {Mixed membership stochastic blockmodels},
      journal = 	 {Journal of Machine Learning Research},
      year = 	 {2008},
      volume = 	 {9},
      pages = 	 {1981--2014},
    }
    @article{enron_paper,
      title={Community structure in large networks: Natural cluster sizes and the absence of large well-defined clusters},
      author={Leskovec, J. and Lang, K.J. and Dasgupta, A. and Mahoney, M.W.},
      journal={Internet Mathematics},
      volume={6},
      number={1},
      pages={29--123},
      year={2009},
      publisher={Taylor \& Francis}
    }
    
    @inproceedings{acharya2015,
      title={Gamma process poisson factorization for joint modeling of network and documents},
      author={Acharya, A. and Teffer, D. and Henderson, J. and Tyler, M. and Zhou, M. and Ghosh, J.},
      booktitle={Joint European Conference on Machine Learning and Knowledge Discovery in Databases},
      year={2015},
    }
    
    @inproceedings{zhou2012beta,
      title={Beta-negative binomial process and Poisson factor analysis},
      author={Zhou, Mingyuan and Hannah, Lauren and Dunson, David B and Carin, Lawrence},
      booktitle={International Conference on Artificial Intelligence and Statistics},
      pages={1462--1471},
      year={2012}
    }


%%%%%%%%%%%%%%%%%%%%%%%%%%%%%%%%%%%%
%          Monotonic Fairness
%%%%%%%%%%%%%%%%%%%%%%%%%%%%%%%%%%%%
    
    @inproceedings{lohia2019bias,
      title={Bias mitigation post-processing for individual and group fairness},
      author={Lohia, Pranay K and Ramamurthy, Karthikeyan Natesan and Bhide, Manish and Saha, Diptikalyan and Varshney, Kush R and Puri, Ruchir},
      booktitle={ICASSP 2019-2019 IEEE International Conference on Acoustics, Speech and Signal Processing (ICASSP)},
      pages={2847--2851},
      year={2019},
      organization={IEEE}
    }
    
    @article{jung2019eliciting,
      title={Eliciting and Enforcing Subjective Individual Fairness},
      author={Jung, Christopher and Kearns, Michael and Neel, Seth and Roth, Aaron and Stapleton, Logan and Wu, Zhiwei Steven},
      journal={arXiv:1905.10660},
      year={2019}
    }
    
    @article{ilvento2019metric,
      title={Metric Learning for Individual Fairness},
      author={Ilvento, Christina},
      journal={arXiv:1906.00250},
      year={2019}
    }
    
    @article{wood1996estimation,
      title={Estimation of the Lipschitz constant of a function},
      author={Wood, GR and Zhang, BP},
      journal={Journal of Global Optimization},
      volume={8},
      number={1},
      pages={91--103},
      year={1996},
      publisher={Springer}
    }
    
    @inproceedings{zhang2019recurjac,
      title={Recurjac: An efficient recursive algorithm for bounding jacobian matrix of neural networks and its applications},
      author={Zhang, Huan and Zhang, Pengchuan and Hsieh, Cho-Jui},
      booktitle={Proceedings of the AAAI Conference on Artificial Intelligence},
      volume={33},
      pages={5757--5764},
      year={2019}
    }
    
    @incollection{lipton2018treatmentdisparity,
        title = {Does mitigating ML's impact disparity require treatment disparity?},
        author = {Lipton, Zachary and McAuley, Julian and Chouldechova, Alexandra},
        booktitle = {Advances in Neural Information Processing Systems 31},
        editor = {S. Bengio and H. Wallach and H. Larochelle and K. Grauman and N. Cesa-Bianchi and R. Garnett},
        pages = {8125--8135},
        year = {2018},
        publisher = {Curran Associates, Inc.},
        url = {http://papers.nips.cc/paper/8035-does-mitigating-mls-impact-disparity-require-treatment-disparity.pdf}
    }
    
    @inproceedings{dwork2012fairness,
      title={Fairness through awareness},
      author={Dwork, Cynthia and Hardt, Moritz and Pitassi, Toniann and Reingold, Omer and Zemel, Richard},
      booktitle={Innovations in Theoretical Computer Science Conference},
      pages={214--226},
      year={2012},
      organization={ACM}
    }
    
    @article{Bornstein:2018,
      title={Antidiscriminatory Algorithms},
      author={Bornstein, Stephanie},
      journal={Ala. L. Rev.},
      volume={70},
      pages={519},
      year={2018}
    }
    @inproceedings{HarPriSre2016,
      title={Equality of opportunity in supervised learning},
      author={Hardt, Moritz and Price, Eric and Srebro, Nati},
      booktitle={Advances in Neural Information Processing 
      Systems},
      pages={3315--3323},
      year={2016}
    }
    
    @inproceedings{LouSweLiWelZem2016,
      title={The variational fair autoencoder},
      author={Louizos, Christos and Swersky, Kevin and Li, Yujia and Welling, Max and Zemel, Richard},
      booktitle={International Conference on Learning Representations},
      year={2016}
    }
    
    @inproceedings{AgaBeyDudLanWal2018,
      title={A reductions approach to fair classification},
      author={Agarwal, Alekh and Beygelzimer, Alina and Dud{\'\i}k, Miroslav and Langford, John and Wallach, Hanna},
      booktitle={International Conference on Machine Learning},
      year={2018}
    }
    @article{BeuCheZhaChi2017,
      title={Data decisions and theoretical implications when adversarially learning fair representations},
      author={Beutel, Alex and Chen, Jilin and Zhao, Zhe and Chi, Ed H},
      journal={arXiv:1707.00075},
      year={2017}
    }
    
    @inproceedings{KamAkHidSak2012,
      title={Fairness-aware classifier with prejudice remover regularizer},
      author={Kamishima, Toshihiro and Akaho, Shotaro and Asoh, Hideki and Sakuma, Jun},
      booktitle={Joint European Conference on Machine Learning and Knowledge Discovery in Databases},
      pages={35--50},
      year={2012},
      organization={Springer}
    }
    @article{berk2017convex,
      title={A convex framework for fair regression},
      author={Berk, Richard and Heidari, Hoda and Jabbari, Shahin and Joseph, Matthew and Kearns, Michael and Morgenstern, Jamie and Neel, Seth and Roth, Aaron},
      journal={arXiv:1706.02409},
      year={2017}
    }
    
    
    @inproceedings{KamAkaSak2011,
      title={Fairness-aware learning through regularization approach},
      author={Kamishima, Toshihiro and Akaho, Shotaro and Sakuma, Jun},
      booktitle={International Conference on Data Mining Workshops},
      pages={643--650},
      year={2011},
      organization={IEEE}
    }
    
    
    @article{Angwin:Larson:Muttu:Kirchner:2016,
      title={Machine bias: There's software used across the country to predict future criminals, and it's biased against blacks.},
      author={Angwin, Julia and Larson, Jeff and Mattu, Surya and Kirchner, Lauren},
      journal={ProPublica},
      year={2016}
    }
    
    @article{Caliskan:Bryson:Narayanan:2017,
      title={Semantics derived automatically from language corpora contain human-like biases},
      author={Caliskan, Aylin and Bryson, Joanna J and Narayanan, Arvind},
      journal={Science},
      volume={356},
      number={6334},
      pages={183--186},
      year={2017},
      publisher={American Association for the Advancement of Science}
    }
    
    @book{wightman1998lsac,
      title={{LSAC} national longitudinal bar passage study},
      author={Wightman, Linda F and Ramsey, Henry},
      year={1998},
      publisher={Law School Admission Council}
    }
    
    @inproceedings{kusner2017counterfactual,
      title={Counterfactual fairness},
      author={Kusner, Matt J and Loftus, Joshua and Russell, Chris and Silva, Ricardo},
      booktitle={Advances in Neural Information Processing Systems},
      pages={4066--4076},
      year={2017}
    }
    
    
    @inproceedings{kilbertus2017avoiding,
      title={Avoiding discrimination through causal reasoning},
      author={Kilbertus, Niki and Carulla, Mateo Rojas and Parascandolo, Giambattista and Hardt, Moritz and Janzing, Dominik and Sch{\"o}lkopf, Bernhard},
      booktitle={Advances in Neural Information Processing Systems},
      pages={656--666},
      year={2017}
    }
    
    @article{gouk2018regularisation,
      title={Regularisation of neural networks by enforcing {L}ipschitz continuity},
      author={Gouk, Henry and Frank, Eibe and Pfahringer, Bernhard and Cree, Michael},
      journal={arXiv:1804.04368},
      year={2018}
    }
    
    @inproceedings{zafar2017aistats,
      title={Fairness constraints: Mechanisms for fair classification},
      author={Zafar, Muhammad Bilal and Valera, Isabel and Rodriguez, Manuel Gomez and Gummadi, Krishna P},
      booktitle={Artificial Intelligence and Statistics},
      year={2017}
    }
    
    @inproceedings{zafar2017parity,
      title={From parity to preference-based notions of fairness in classification},
      author={Zafar, Muhammad Bilal and Valera, Isabel and Rodriguez, Manuel and Gummadi, Krishna and Weller, Adrian},
      booktitle={Advances in Neural Information Processing Systems},
      pages={229--239},
      year={2017}
    }
    
    @inproceedings{Ensign:2018,
      title={Runaway Feedback Loops in Predictive Policing},
      author={Ensign, Danielle and Friedler, Sorelle A and Neville, Scott and Scheidegger, Carlos and Venkatasubramanian, Suresh},
      booktitle={Conference on Fairness, Accountability and Transparency},
      pages={160--171},
      year={2018}
    }
    
    @article{Lum:Isaac:2016,
      title={To predict and serve?},
      author={Lum, Kristian and Isaac, William},
      journal={Significance},
      volume={13},
      number={5},
      pages={14--19},
      year={2016},
      publisher={Wiley Online Library}
    }
    
    @misc{USCivilRights:2018,
         title = {Public Education Funding Equity: In an Era of Increasing Concentration of Poverty and Resegregation},
         author = {U.S. Commission on Civil Rights},
         year = {2018}
    }
    
    @misc{national2013nation,
      title={The Nation's Report Card: Trends in Academic Progress 2012. {NCES} 2013-456},
      author={National Center for Education Statistics (Ed)},
      year={2013}
    }
    
    @article{VidalRodeiro:Zanini:2015,
      title={The role of the {A}* grade at {A} level as a predictor of university performance in the {U}nited {K}ingdom},
      author={Vidal Rodeiro, Carmen and Zanini, Nadir},
      journal={Oxford Review of Education},
      volume={41},
      number={5},
      pages={647--670},
      year={2015},
      publisher={Taylor \& Francis}
    }
    
    @article{Balan:Singh:Zou:2018,
      title={Lipschitz properties for deep convolutional networks},
      author={Balan, Radu and Singh, Maneesh and Zou, Dongmian},
      journal={Contemporary Mathematics},
      volume={706},
      pages={129--151},
      year={2018}
    }
    
    @inproceedings{Szegedy:2014,
      title={Intriguing properties of neural networks},
      author={Szegedy, Christian and Zaremba, Wojciech and Sutskever, Ilya and Bruna, Joan and Erhan, Dumitru and Goodfellow, Ian and Fergus, Rob},
      booktitle={International Conference on Learning Representations},
      year={2014}
    }
    @article{reardon2002integrating,
      title={Integrating neighborhoods, segregating schools: The retreat from school desegregation in the South, 1990-2000},
      author={Reardon, Sean F and Yun, John T},
      journal={NCL Rev.},
      volume={81},
      pages={1563},
      year={2002},
      publisher={HeinOnline}
    }
    @article{niu2010impact,
      title={The impact of the Texas top ten percent law on college enrollment: A regression discontinuity approach},
      author={Niu, Sunny Xinchun and Tienda, Marta},
      journal={Journal of Policy Analysis and Management},
      volume={29},
      number={1},
      pages={84--110},
      year={2010},
      publisher={Wiley Online Library}
    }
    @article{2013fisher,
      title={Fisher v. {U}niversity of {T}exas at {A}ustin},
      author={Supreme Court},
      booktitle={Supreme Court},
      volume={133},
      pages={2411},
      number={No. 11-345},
      year={2013},
      key={Fisher},
      publisher={Supreme Court}
    }
    @article{2016fisher,
      title={Fisher v. {U}niversity of {T}exas at {A}ustin},
      author={Supreme Court},
      booktitle={Supreme Court},
      volume={136},
      pages={2198},
      number={No. 14-981},
      year={2016},
      key={Fisher},
      publisher={Supreme Court}
    }
    
    % 1978Bakke, 2014SFFA
    @article{1978Bakke,
      title={Regents of the {U}niversity of {C}alifornia v. {B}akke},
      author={Supreme Court},
      booktitle={Supreme Court},
      volume={438},
      pages={265},
      number={No. 76-811},
      year={1978},
      key={Bakke},
      publisher={Supreme Court}
    }
    
    @article{2014SFFA,
      title={Students for {F}air {A}dmissions, {I}nc. v. {P}resident and {F}ellows of {H}arvard {C}ollege et al},
      author={Massachusetts District Court},
      booktitle={D. Mass.},
      volume={28},
      pages={1331},
      number={1:2014cv14176},
      year={2014},
      key={Students for fair admissions},}
      publisher={US District Court for the District of Massachusetts}
    }
    
    
    @inproceedings{MadCrePitZem2018,
      title={Learning adversarially fair and transferable representations},
      author={Madras, David and Creager, Elliot and Pitassi, Toniann and Zemel, Richard},
      booktitle={International Conference on Machine Learning},
      year={2018}
    }
    
    @inproceedings{ZemQiSwePitDwo2013,
      title={Learning fair representations},
      author={Zemel, Rich and Wu, Yu and Swersky, Kevin and Pitassi, Toni and Dwork, Cynthia},
      booktitle={International Conference on Machine Learning},
      pages={325--333},
      year={2013}
    }
    
    @inproceedings{DwoImmKalTauLei2018,
      title={Decoupled classifiers for group-fair and efficient machine learning},
      author={Dwork, Cynthia and Immorlica, Nicole and Kalai, Adam Tauman and Leiserson, Max},
      booktitle={Conference on Fairness, Accountability and Transparency},
      pages={119--133},
      year={2018}
    }
    
    @inproceedings{kearns2017meritocratic,
      title={Meritocratic fairness for cross-population selection},
      author={Kearns, Michael and Roth, Aaron and Wu, Zhiwei Steven},
      booktitle={International Conference on Machine Learning-Volume 70},
      pages={1828--1836},
      year={2017}
    }
    
    @inproceedings{dwork2018decoupled,
      title={Decoupled classifiers for group-fair and efficient machine learning},
      author={Dwork, Cynthia and Immorlica, Nicole and Kalai, Adam Tauman and Leiserson, Max},
      booktitle={Conference on Fairness, Accountability and Transparency},
      pages={119--133},
      year={2018}
    }
    
    @inproceedings{sill1998monotonic,
      title={Monotonic networks},
      author={Sill, Joseph},
      booktitle={Advances in Neural Information Processing Systems},
      pages={661--667},
      year={1998}
    }
    
    @inproceedings{xu2018fairgan,
      title={Fairgan: Fairness-aware generative adversarial networks},
      author={Xu, Depeng and Yuan, Shuhan and Zhang, Lu and Wu, Xintao},
      booktitle={IEEE International Conference on Big Data (Big Data)},
      pages={570--575},
      year={2018},
      organization={IEEE}
    }
    
    @inproceedings{heidari2018,
      title={Fairness behind a veil of ignorance: A welfare analysis for automated decision making},
      author={Heidari, Hoda and Ferrari, Claudio and Gummadi, Krishna and Krause, Andreas},
      booktitle={Advances in Neural Information Processing Systems},
      pages={1265--1276},
      year={2018}
    }
    
    @article{balcan2018,
      title={Envy-Free Classification},
      author={Balcan, Maria-Florina and Dick, Travis and Noothigattu, Ritesh and Procaccia, Ariel D},
      journal={arXiv:1809.08700},
      year={2018}
    }
    
    @article{joseph2016,
      title={Fair algorithms for infinite and contextual bandits},
      author={Joseph, Matthew and Kearns, Michael and Morgenstern, Jamie and Neel, Seth and Roth, Aaron},
      journal={arXiv:1610.09559},
      year={2016}
    }
    
    @article{larson2016we,
      title={How we analyzed the {COMPAS} recidivism algorithm},
      author={Larson, Jeff and Mattu, Surya and Kirchner, Lauren and Angwin, Julia},
      journal={ProPublica (5 2016)},
      volume={9},
      year={2016}
    }
    
    @misc{ucigerman,
        author={Lichman, M},
        title={{UCI} machine learning repository},
        year={2013},
        url={https://archive.ics.uci.edu/ml/datasets/statlog+(german+credit+data)}
    }
    
    @article{cano2019monotonic,
      title={Monotonic classification: an overview on algorithms, performance measures and data sets},
      author={Cano, Jos{\'e}-Ram{\'o}n and Guti{\'e}rrez, Pedro Antonio and Krawczyk, Bartosz and Wo{\'z}niak, Micha{\l} and Garc{\'\i}a, Salvador},
      journal={Neurocomputing},
      year={2019},
      publisher={Elsevier}
    }
    
    @article{clevert2015elu,
      title={Fast and accurate deep network learning by exponential linear units (elus)},
      author={Clevert, Djork-Arn{\'e} and Unterthiner, Thomas and Hochreiter, Sepp},
      journal={arXiv:1511.07289},
      year={2015}
    }
    
%%%%%%%%%%%%%%%%%%%%%%%%%%%%%%%%%%%%%%%%%
% Intro / Background
%%%%%%%%%%%%%%%%%%%%%%%%%%%%%%%%%%%%%%%%%

@article{metropolis1953equation,
  title={Equation of state calculations by fast computing machines},
  author={Metropolis, Nicholas and Rosenbluth, Arianna W and Rosenbluth, Marshall N and Teller, Augusta H and Teller, Edward},
  journal={The journal of chemical physics},
  volume={21},
  number={6},
  pages={1087--1092},
  year={1953},
  publisher={AIP}
}

@article{geman1984stochastic,
  title={Stochastic relaxation, Gibbs distributions, and the Bayesian restoration of images},
  author={Geman, Stuart and Geman, Donald},
  journal={IEEE Transactions on pattern analysis and machine intelligence},
  number={6},
  pages={721--741},
  year={1984},
  publisher={IEEE}
}

@article{girolami2011riemann,
  title={Riemann manifold langevin and hamiltonian monte carlo methods},
  author={Girolami, Mark and Calderhead, Ben},
  journal={Journal of the Royal Statistical Society: Series B (Statistical Methodology)},
  volume={73},
  number={2},
  pages={123--214},
  year={2011},
  publisher={Wiley Online Library}
}

@article{hoffman2014no,
  title={The No-U-Turn sampler: adaptively setting path lengths in Hamiltonian Monte Carlo.},
  author={Hoffman, Matthew D and Gelman, Andrew},
  journal={Journal of Machine Learning Research},
  volume={15},
  number={1},
  pages={1593--1623},
  year={2014}
}

@article{cybenko1989approximation,
  title={Approximation by superpositions of a sigmoidal function},
  author={Cybenko, George},
  journal={Mathematics of control, signals and systems},
  volume={2},
  number={4},
  pages={303--314},
  year={1989},
  publisher={Springer}
}